

@InProceedings{russo,
  title = 	 {Controlling Bias in Adaptive Data Analysis Using Information Theory},
  author = 	 {Daniel Russo and James Zou},
  pages = 	 {1232--1240},
  year = 	 {2016},
  editor = 	 {Arthur Gretton and Christian C. Robert},
  volume = 	 {51},
  series = 	 {Proceedings of Machine Learning Research},
  publisher =    {PMLR},
}

@inproceedings{xu,
author = {Xu, Aolin and Raginsky, Maxim},
title = {Information-Theoretic Analysis of Generalization Capability of Learning Algorithms},
year = {2017},
series = {NIPS'17}
}

@inproceedings{negrea,
  title={Information-Theoretic Generalization Bounds for SGLD via Data-Dependent Estimates},
  author={Negrea, Jeffrey and Haghifam, Mahdi and Dziugaite, Gintare Karolina and Khisti, Ashish and Roy, Daniel M},
  booktitle={Advances in Neural Information Processing Systems},
  year={2019}
}

@article{bu,
  title={Tightening mutual information based bounds on generalization error},
  author={Bu, Yuheng and Zou, Shaofeng and Veeravalli, Venugopal V},
  journal={IEEE Journal on Selected Areas in Information Theory},
  year={2020},
  publisher={IEEE}
}

@InProceedings{steinke,
  title = 	 {{R}easoning {A}bout {G}eneralization via {C}onditional {M}utual {I}nformation},
  author =       {Steinke, Thomas and Zakynthinou, Lydia},
  pages = 	 {3437--3452},
  year = 	 {2020},
  series = 	 {Proceedings of Machine Learning Research},
  publisher =    {PMLR},
}

@misc{haghifam,
      title={Sharpened Generalization Bounds based on Conditional Mutual Information and an Application to Noisy, Iterative Algorithms}, 
      author={Mahdi Haghifam and Jeffrey Negrea and Ashish Khisti and Daniel M. Roy and Gintare Karolina Dziugaite},
      year={2020},
      eprint={2004.12983},
      archivePrefix={arXiv},
      primaryClass={stat.ML}
}

@article{variational,
  title={On variational bounds of mutual information},
  author={Poole, Ben and Ozair, Sherjil and Oord, Aaron van den and Alemi, Alexander A and Tucker, George},
  journal={arXiv preprint arXiv:1905.06922},
  year={2019}
}

@inproceedings{control,
  title={Dependence measures bounding the exploration bias for general measurements},
  author={Jiao, Jiantao and Han, Yanjun and Weissman, Tsachy},
  booktitle={2017 IEEE International Symposium on Information Theory (ISIT)},
  pages={1475--1479},
  year={2017},
  organization={IEEE}
}

@misc{overfit,
      title={How much does your data exploration overfit? Controlling bias via information usage}, 
      author={Daniel Russo and James Zou},
      year={2019},
      eprint={1511.05219},
      archivePrefix={arXiv},
      primaryClass={stat.ML}
}

@inproceedings{informationtype,
  title={Information-type measures of difference of probability distributions and indirect observations},
  author={I. ar},
  year={1967}
}

@article{book,
  title={A General Class of Coefficients of Divergence of One Distribution from Another},
  author={S. M. Ali and S. D. Silvey},
  journal={Journal of the royal statistical society series b-methodological},
  year={1966},
  volume={28},
  pages={131-142}
}

@article{measures,
   title={Information Measures: The Curious Case of the Binary Alphabet},
   volume={60},
   ISSN={1557-9654},
   url={http://dx.doi.org/10.1109/TIT.2014.2360184},
   DOI={10.1109/tit.2014.2360184},
   number={12},
   journal={IEEE Transactions on Information Theory},
   publisher={Institute of Electrical and Electronics Engineers (IEEE)},
   author={Jiao, Jiantao and Courtade, Thomas A. and No, Albert and Venkat, Kartik and Weissman, Tsachy},
   year={2014},
   month={Dec},
   pages={7616–7626}
}

@misc{mine,
      title={MINE: Mutual Information Neural Estimation}, 
      author={Mohamed Ishmael Belghazi and Aristide Baratin and Sai Rajeswar and Sherjil Ozair and Yoshua Bengio and Aaron Courville and R Devon Hjelm},
      year={2018},
      eprint={1801.04062},
      archivePrefix={arXiv},
      primaryClass={cs.LG}
}

@misc{infomax,
      title={Learning deep representations by mutual information estimation and maximization}, 
      author={R Devon Hjelm and Alex Fedorov and Samuel Lavoie-Marchildon and Karan Grewal and Phil Bachman and Adam Trischler and Yoshua Bengio},
      year={2019},
      eprint={1808.06670},
      archivePrefix={arXiv},
      primaryClass={stat.ML}
}

@misc{cpc,
      title={Representation Learning with Contrastive Predictive Coding}, 
      author={Aaron van den Oord and Yazhe Li and Oriol Vinyals},
      year={2019},
      eprint={1807.03748},
      archivePrefix={arXiv},
      primaryClass={cs.LG}
}


@misc{cpcv2,
      title={Data-Efficient Image Recognition with Contrastive Predictive Coding}, 
      author={Olivier J. Hénaff and Aravind Srinivas and Jeffrey De Fauw and Ali Razavi and Carl Doersch and S. M. Ali Eslami and Aaron van den Oord},
      year={2020},
      eprint={1905.09272},
      archivePrefix={arXiv},
      primaryClass={cs.CV}
}

@misc{moco,
      title={Momentum Contrast for Unsupervised Visual Representation Learning}, 
      author={Kaiming He and Haoqi Fan and Yuxin Wu and Saining Xie and Ross Girshick},
      year={2020},
      eprint={1911.05722},
      archivePrefix={arXiv},
      primaryClass={cs.CV}
}

@misc{mocov2,
      title={Improved Baselines with Momentum Contrastive Learning}, 
      author={Xinlei Chen and Haoqi Fan and Ross Girshick and Kaiming He},
      year={2020},
      eprint={2003.04297},
      archivePrefix={arXiv},
      primaryClass={cs.CV}
}

@inproceedings{visual,
  title={Unsupervised feature learning via non-parametric instance discrimination},
  author={Wu, Zhirong and Xiong, Yuanjun and Yu, Stella X and Lin, Dahua},
  booktitle={Proceedings of the IEEE Conference on Computer Vision and Pattern Recognition},
  pages={3733--3742},
  year={2018}
}

@incollection{dv,
  title={Large deviations for Markov processes and the asymptotic evaluation of certain Markov process expectations for large times},
  author={Donsker, MD and Varadhan, SRS},
  booktitle={Probabilistic Methods in Differential Equations},
  pages={82--88},
  year={1975},
  publisher={Springer}
}

@article{nguyen,
  title={Estimating divergence functionals and the likelihood ratio by convex risk minimization},
  author={Nguyen, XuanLong and Wainwright, Martin J and Jordan, Michael I},
  journal={IEEE Transactions on Information Theory},
  volume={56},
  number={11},
  pages={5847--5861},
  year={2010},
  publisher={IEEE}
}
























